@misc{smith2015cyclical,
    title={Cyclical Learning Rates for Training Neural Networks},
    author={Leslie N. Smith},
    year={2015},
    eprint={1506.01186},
    archivePrefix={arXiv},
    primaryClass={cs.CV}
}

@misc{he2015deep,
    title={Deep Residual Learning for Image Recognition},
    author={Kaiming He and Xiangyu Zhang and Shaoqing Ren and Jian Sun},
    year={2015},
    eprint={1512.03385},
    archivePrefix={arXiv},
    primaryClass={cs.CV}
}

@misc{huang2016densely,
    title={Densely Connected Convolutional Networks},
    author={Gao Huang and Zhuang Liu and Laurens van der Maaten and Kilian Q. Weinberger},
    year={2016},
    eprint={1608.06993},
    archivePrefix={arXiv},
    primaryClass={cs.CV}
}

@misc{tan2019efficientnet,
    title={EfficientNet: Rethinking Model Scaling for Convolutional Neural Networks},
    author={Mingxing Tan and Quoc V. Le},
    year={2019},
    eprint={1905.11946},
    archivePrefix={arXiv},
    primaryClass={cs.LG}
}

@INPROCEEDINGS{5206848,
author={J. {Deng} and W. {Dong} and R. {Socher} and L. {Li} and {Kai Li} and {Li Fei-Fei}},
booktitle={2009 IEEE Conference on Computer Vision and Pattern Recognition},
title={ImageNet: A large-scale hierarchical image database},
year={2009},
volume={},
number={},
pages={248-255},
keywords={computer vision;image resolution;image retrieval;Internet;multimedia computing;ontologies (artificial intelligence);trees (mathematics);very large databases;visual databases;ImageNet database;large-scale hierarchical image database;Internet;image retrieval;multimedia data;large-scale ontology;wordNet structure;image resolution;subtree;computer vision;Large-scale systems;Image databases;Explosions;Internet;Robustness;Information retrieval;Image retrieval;Multimedia databases;Ontologies;Spine},
doi={10.1109/CVPR.2009.5206848},
ISSN={1063-6919},
month={June}
}

@article{kiefer1952,
author = "Kiefer, J. and Wolfowitz, J.",
doi = "10.1214/aoms/1177729392",
fjournal = "The Annals of Mathematical Statistics",
journal = "Ann. Math. Statist.",
month = "09",
number = "3",
pages = "462--466",
publisher = "The Institute of Mathematical Statistics",
title = "Stochastic Estimation of the Maximum of a Regression Function",
url = "https://doi.org/10.1214/aoms/1177729392",
volume = "23",
year = "1952"
}

@misc{kingma2014adam,
    title={Adam: A Method for Stochastic Optimization},
    author={Diederik P. Kingma and Jimmy Ba},
    year={2014},
    eprint={1412.6980},
    archivePrefix={arXiv},
    primaryClass={cs.LG}
}

@misc{simonyan2013deep,
    title={Deep Inside Convolutional Networks: Visualising Image Classification Models and Saliency Maps},
    author={Karen Simonyan and Andrea Vedaldi and Andrew Zisserman},
    year={2013},
    eprint={1312.6034},
    archivePrefix={arXiv},
    primaryClass={cs.CV}
}

@article{Selvaraju_2019,
   title={Grad-CAM: Visual Explanations from Deep Networks via Gradient-Based Localization},
   ISSN={1573-1405},
   url={http://dx.doi.org/10.1007/s11263-019-01228-7},
   DOI={10.1007/s11263-019-01228-7},
   journal={International Journal of Computer Vision},
   publisher={Springer Science and Business Media LLC},
   author={Selvaraju, Ramprasaath R. and Cogswell, Michael and Das, Abhishek and Vedantam, Ramakrishna and Parikh, Devi and Batra, Dhruv},
   year={2019},
   month={Oct}
}
